<?xml version="1.0" encoding="UTF-8"?><record xmlns="http://www.loc.gov/MARC21/slim" xmlns:cinclude="http://apache.org/cocoon/include/1.0" xmlns:zs="http://www.loc.gov/zing/srw/">
  <leader>01135cz  a2200241n  4500</leader>
  <controlfield tag="001">n  82093752 </controlfield>
  <controlfield tag="003">DLC</controlfield>
  <controlfield tag="005">20121016074821.0</controlfield>
  <controlfield tag="008">820927n| azannaabn          |b ana      </controlfield>
  <datafield tag="010" ind1=" " ind2=" ">
    <subfield code="a">n  82093752 </subfield>
  </datafield>
  <datafield tag="035" ind1=" " ind2=" ">
    <subfield code="a">(OCoLC)oca00790372</subfield>
  </datafield>
  <datafield tag="040" ind1=" " ind2=" ">
    <subfield code="a">DLC</subfield>
    <subfield code="b">eng</subfield>
    <subfield code="c">DLC</subfield>
    <subfield code="d">DLC</subfield>
    <subfield code="d">OCoLC</subfield>
    <subfield code="e">rda</subfield>
    <subfield code="d">DLC</subfield>
  </datafield>
  <datafield tag="110" ind1="2" ind2=" ">
    <subfield code="a">Đảng lao động Việt-Nam</subfield>
  </datafield>
  <datafield tag="410" ind1="2" ind2=" ">
    <subfield code="a">Viet Nam Workers' Party</subfield>
  </datafield>
  <datafield tag="410" ind1="2" ind2=" ">
    <subfield code="a">Betonamu Rōdōtō</subfield>
  </datafield>
  <datafield tag="410" ind1="2" ind2=" ">
    <subfield code="a">ベトナム労働党</subfield>
  </datafield>
  <datafield tag="510" ind1="2" ind2=" ">
    <subfield code="w">b</subfield>
    <subfield code="a">Đảng cộng sản Việt Nam</subfield>
  </datafield>
  <datafield tag="510" ind1="2" ind2=" ">
    <subfield code="w">a</subfield>
    <subfield code="a">Đảng cộng sản Đông dương</subfield>
  </datafield>
  <datafield tag="667" ind1=" " ind2=" ">
    <subfield code="a">Machine-derived non-Latin script reference project.</subfield>
  </datafield>
  <datafield tag="667" ind1=" " ind2=" ">
    <subfield code="a">Non-Latin script reference not evaluated.</subfield>
  </datafield>
  <datafield tag="670" ind1=" " ind2=" ">
    <subfield code="a">Luận cương chính trị năm 1930 của Đảng, 1983:</subfield>
    <subfield code="b">p. 9 (Đảng cộng sản Đông dương)</subfield>
  </datafield>
  <datafield tag="670" ind1=" " ind2=" ">
    <subfield code="a">Pol. hdbk. of the world, 1982-83</subfield>
    <subfield code="b">(Viet Nam Workers' Party (Đảng lao động Việt-Nam̀) founded in 1954 as a successor to the Indochinese Communist Party, founded in 1930)</subfield>
  </datafield>
  <datafield tag="670" ind1=" " ind2=" ">
    <subfield code="a">Its Betonamu Rōdōtō sengen, ketsugi, kōryō, kiyakushū, 1951-nen--1962-nen, 1963?:</subfield>
    <subfield code="b">t.p. (Betonamu Rōdōtō)</subfield>
  </datafield>
</record>